@book{adams1995hitchhiker,
  title={The Hitchhiker's Guide to the Galaxy},
  author={Adams, D.},
  isbn={9781417642595},
  url={http://books.google.com/books?id=W-xMPgAACAAJ},
  year={1995},
  publisher={San Val}
}

@misc{wikipediaLondonCalling,
  howpublished="\url{https://en.wikipedia.org/wiki/London\_Calling}",
  title = "London Calling",
  note = "Acessado no dia 15/04/2019"
}